@article{semeval,
    author    = {Giovanni Da San Martino, Alberto Barrón-Cedeño, Henning Wachsmuth, Rostilav Petrov and Preslav Nakov},
    title     = {SemEval-2020 Task 11: Detection of Propaganda Techniques in News Articles},
    year      = {2020},
    url       = {https://aclanthology.org/2020.semeval-1.186/},
}

@article{aschern,
    author    = {Anton Chernyavskiy, Dmitry Ilvovsky and Preslav Nakov},
    title     = {aschern at SemEval-2020 Task 11: It Takes Three to Tango: RoBERTa, CRF, and Transfer Learning},
    year      = {2020},
    url       = {https://arxiv.org/abs/2008.02837},
}