% REFERENCE TO SEMEVAL TASK:
@article{semeval,
  author    = {Giovanni Da San Martino and
              Alberto Barr{\'{o}}n{-}Cede{\~{n}}o and
              Henning Wachsmuth and
              Rostislav Petrov and
              Preslav Nakov},
  title     = {SemEval-2020 Task 11: Detection of Propaganda Techniques in News Articles},
  journal   = {CoRR},
  volume    = {abs/2009.02696},
  year      = {2020},
  url       = {https://arxiv.org/abs/2009.02696},
  eprinttype = {arXiv},
  eprint    = {2009.02696},
  timestamp = {Thu, 17 Sep 2020 12:49:52 +0200},
  biburl    = {https://dblp.org/rec/journals/corr/abs-2009-02696.bib},
  bibsource = {dblp computer science bibliography, https://dblp.org}
}
% SEMEVAL FINAL RESULTS
@article{finalsemeval,
  author    = {Giovanni Da San Martino and
               Alberto Barr{\'{o}}n{-}Cede{\~{n}}o and
               Henning Wachsmuth and
               Rostislav Petrov and
               Preslav Nakov},
  title     = {SemEval-2020 Task 11: Detection of Propaganda Techniques in News Articles},
  journal   = {CoRR},
  volume    = {abs/2009.02696},
  year      = {2020},
  url       = {https://arxiv.org/abs/2009.02696},
  eprinttype = {arXiv},
  eprint    = {2009.02696},
  timestamp = {Thu, 17 Sep 2020 12:49:52 +0200},
  biburl    = {https://dblp.org/rec/journals/corr/abs-2009-02696.bib},
  bibsource = {dblp computer science bibliography, https://dblp.org}
}

% PREVIOUS SHARED TASK
@inproceedings{da-san-martino-etal-2019-findings,
    title = "Findings of the {NLP}4{IF}-2019 Shared Task on Fine-Grained Propaganda Detection",
    author = "Da San Martino, Giovanni  and
      Barr{\'o}n-Cede{\~n}o, Alberto  and
      Nakov, Preslav",
    booktitle = "Proceedings of the Second Workshop on Natural Language Processing for Internet Freedom: Censorship, Disinformation, and Propaganda",
    month = nov,
    year = "2019",
    address = "Hong Kong, China",
    publisher = "Association for Computational Linguistics",
    url = "https://aclanthology.org/D19-5024",
    doi = "10.18653/v1/D19-5024",
    pages = "162--170",
}

@inproceedings{yoosuf-yang-2019-fine,
    title = "Fine-Grained Propaganda Detection with Fine-Tuned {BERT}",
    author = "Yoosuf, Shehel  and
      Yang, Yin",
    booktitle = "Proceedings of the Second Workshop on Natural Language Processing for Internet Freedom: Censorship, Disinformation, and Propaganda",
    month = nov,
    year = "2019",
    address = "Hong Kong, China",
    publisher = "Association for Computational Linguistics",
    url = "https://aclanthology.org/D19-5011",
    doi = "10.18653/v1/D19-5011",
    pages = "87--91",
}

@inproceedings{vlad-etal-2019-sentence,
    title = "Sentence-Level Propaganda Detection in News Articles with Transfer Learning and {BERT}-{B}i{LSTM}-Capsule Model",
    author = "Vlad, George-Alexandru  and
      Tanase, Mircea-Adrian  and
      Onose, Cristian  and
      Cercel, Dumitru-Clementin",
    booktitle = "Proceedings of the Second Workshop on Natural Language Processing for Internet Freedom: Censorship, Disinformation, and Propaganda",
    month = nov,
    year = "2019",
    address = "Hong Kong, China",
    publisher = "Association for Computational Linguistics",
    url = "https://aclanthology.org/D19-5022",
    doi = "10.18653/v1/D19-5022",
    pages = "148--154",
}

@inproceedings{tayyar-madabushi-etal-2019-cost,
    title = "Cost-Sensitive {BERT} for Generalisable Sentence Classification on Imbalanced Data",
    author = "Tayyar Madabushi, Harish  and
      Kochkina, Elena  and
      Castelle, Michael",
    booktitle = "Proceedings of the Second Workshop on Natural Language Processing for Internet Freedom: Censorship, Disinformation, and Propaganda",
    month = nov,
    year = "2019",
    address = "Hong Kong, China",
    publisher = "Association for Computational Linguistics",
    url = "https://aclanthology.org/D19-5018",
    doi = "10.18653/v1/D19-5018",
    pages = "125--134",
}

% SAN MARTINO FIRST PAPER: DATASET AND FIRST MODEL
@inproceedings{da-san-martino-etal-2019-fine,
    title = "Fine-Grained Analysis of Propaganda in News Article",
    author = "Da San Martino, Giovanni  and
      Yu, Seunghak  and
      Barr{\'o}n-Cede{\~n}o, Alberto  and
      Petrov, Rostislav  and
      Nakov, Preslav",
    booktitle = "Proceedings of the 2019 Conference on Empirical Methods in Natural Language Processing and the 9th International Joint Conference on Natural Language Processing (EMNLP-IJCNLP)",
    month = nov,
    year = "2019",
    address = "Hong Kong, China",
    publisher = "Association for Computational Linguistics",
    url = "https://aclanthology.org/D19-1565",
    doi = "10.18653/v1/D19-1565",
    pages = "5636--5646",
}



% REFERENCES TO OTHER TEAMS:
@misc{jurkiewicz2020applicaai,
      title={ApplicaAI at SemEval-2020 Task 11: On RoBERTa-CRF, Span CLS and Whether Self-Training Helps Them}, 
      author={Dawid Jurkiewicz and Łukasz Borchmann and Izabela Kosmala and Filip Graliński},
      year={2020},
      eprint={2005.07934},
      archivePrefix={arXiv},
      primaryClass={cs.CL}
}

@article{aschern,
  author    = {Anton Chernyavskiy and
               Dmitry Ilvovsky and
               Preslav Nakov},
  title     = {aschern at SemEval-2020 Task 11: It Takes Three to Tango: RoBERTa,
               CRF, and Transfer Learning},
  journal   = {CoRR},
  volume    = {abs/2008.02837},
  year      = {2020},
  url       = {https://arxiv.org/abs/2008.02837},
  eprinttype = {arXiv},
  eprint    = {2008.02837},
  timestamp = {Fri, 14 Aug 2020 15:14:45 +0200},
  biburl    = {https://dblp.org/rec/journals/corr/abs-2008-02837.bib},
  bibsource = {dblp computer science bibliography, https://dblp.org}
}

@inproceedings{morio-etal-2020-hitachi-semeval,
    title = "Hitachi at {S}em{E}val-2020 Task 11: An Empirical Study of Pre-Trained Transformer Family for Propaganda Detection",
    author = "Morio, Gaku  and
      Morishita, Terufumi  and
      Ozaki, Hiroaki  and
      Miyoshi, Toshinori",
    booktitle = "Proceedings of the Fourteenth Workshop on Semantic Evaluation",
    month = dec,
    year = "2020",
    address = "Barcelona (online)",
    publisher = "International Committee for Computational Linguistics",
    url = "https://aclanthology.org/2020.semeval-1.228",
    doi = "10.18653/v1/2020.semeval-1.228",
    pages = "1739--1748",
}

@misc{dimov2020nopropaganda,
      title={NoPropaganda at SemEval-2020 Task 11: A Borrowed Approach to Sequence Tagging and Text Classification}, 
      author={Ilya Dimov and Vladislav Korzun and Ivan Smurov},
      year={2020},
      eprint={2007.12913},
      archivePrefix={arXiv},
      primaryClass={cs.CL}
}

% REFERENCES TO ALL OTHER PAPERS:
@misc{vaswani2017attention,
      title={Attention Is All You Need}, 
      author={Ashish Vaswani and Noam Shazeer and Niki Parmar and Jakob Uszkoreit and Llion Jones and Aidan N. Gomez and Lukasz Kaiser and Illia Polosukhin},
      year={2017},
      eprint={1706.03762},
      archivePrefix={arXiv},
      primaryClass={cs.CL}
}


@incollection{NEURIPS2019_9015,
title = {PyTorch: An Imperative Style, High-Performance Deep Learning Library},
author = {Paszke, Adam and Gross, Sam and Massa, Francisco and Lerer, Adam and Bradbury, James and Chanan, Gregory and Killeen, Trevor and Lin, Zeming and Gimelshein, Natalia and Antiga, Luca and Desmaison, Alban and Kopf, Andreas and Yang, Edward and DeVito, Zachary and Raison, Martin and Tejani, Alykhan and Chilamkurthy, Sasank and Steiner, Benoit and Fang, Lu and Bai, Junjie and Chintala, Soumith},
booktitle = {Advances in Neural Information Processing Systems 32},
editor = {H. Wallach and H. Larochelle and A. Beygelzimer and F. d\textquotesingle Alch\'{e}-Buc and E. Fox and R. Garnett},
pages = {8024--8035},
year = {2019},
publisher = {Curran Associates, Inc.},
url = {http://papers.neurips.cc/paper/9015-pytorch-an-imperative-style-high-performance-deep-learning-library.pdf}
}

@article{roberta,
  author    = {Yinhan Liu and
               Myle Ott and
               Naman Goyal and
               Jingfei Du and
               Mandar Joshi and
               Danqi Chen and
               Omer Levy and
               Mike Lewis and
               Luke Zettlemoyer and
               Veselin Stoyanov},
  title     = {RoBERTa: {A} Robustly Optimized {BERT} Pretraining Approach},
  journal   = {CoRR},
  volume    = {abs/1907.11692},
  year      = {2019},
  url       = {http://arxiv.org/abs/1907.11692},
  archivePrefix = {arXiv},
  eprint    = {1907.11692},
  timestamp = {Thu, 01 Aug 2019 08:59:33 +0200},
  biburl    = {https://dblp.org/rec/journals/corr/abs-1907-11692.bib},
  bibsource = {dblp computer science bibliography, https://dblp.org}
}

@inproceedings{chatfield2015, author = {Chatfield, Akemi Takeoka and Reddick, Christopher G. and Brajawidagda, Uuf}, title = {Tweeting Propaganda, Radicalization and Recruitment: Islamic State Supporters Multi-Sided Twitter Networks}, year = {2015}, isbn = {9781450336000}, publisher = {Association for Computing Machinery}, address = {New York, NY, USA}, url = {https://doi.org/10.1145/2757401.2757408}, doi = {10.1145/2757401.2757408},
booktitle = {Proceedings of the 16th Annual International Conference on Digital Government Research}, pages = {239–249}, numpages = {11}, keywords = {Islamic state, social network analysis, propaganda, multi-sided networks, terrorism communication, recruitment, strategy, shamiwitness, communication, global social networks, radicalization, Islamic extremism, twitter}, location = {Phoenix, Arizona}, series = {dg.o '15} }

@article{garimella2015, 
author = {Garimella, Kiran and Morales, Gianmarco De Francisci and Gionis, Aristides and Mathioudakis, Michael}, title = {Quantifying Controversy on Social Media}, year = {2018}, issue_date = {February 2018}, publisher = {Association for Computing Machinery}, address = {New York, NY, USA}, volume = {1}, number = {1}, issn = {2469-7818}, url = {https://doi.org/10.1145/3140565}, doi = {10.1145/3140565},
journal = {Trans. Soc. Comput.}, month = jan, articleno = {3}, numpages = {27}, keywords = {polarization, Controversy, echo chambers, filter bubble, twitter}
}

@inproceedings{rashkin-etal-2017-truth,
    title = "Truth of Varying Shades: Analyzing Language in Fake News and Political Fact-Checking",
    author = "Rashkin, Hannah  and
      Choi, Eunsol  and
      Jang, Jin Yea  and
      Volkova, Svitlana  and
      Choi, Yejin",
    booktitle = "Proceedings of the 2017 Conference on Empirical Methods in Natural Language Processing",
    month = sep,
    year = "2017",
    address = "Copenhagen, Denmark",
    publisher = "Association for Computational Linguistics",
    url = "https://aclanthology.org/D17-1317",
    doi = "10.18653/v1/D17-1317",
    pages = "2931--2937"
}

@article{fakenews, author = {Shu, Kai and Sliva, Amy and Wang, Suhang and Tang, Jiliang and Liu, Huan}, title = {Fake News Detection on Social Media: A Data Mining Perspective}, year = {2017}, issue_date = {June 2017}, publisher = {Association for Computing Machinery}, address = {New York, NY, USA}, volume = {19}, number = {1}, issn = {1931-0145}, url = {https://doi.org/10.1145/3137597.3137600}, doi = {10.1145/3137597.3137600}, journal = {SIGKDD Explor. Newsl.}, month = sep, pages = {22–36}, numpages = {15} }

@article{2020t5,
  author  = {Colin Raffel and Noam Shazeer and Adam Roberts and Katherine Lee and Sharan Narang and Michael Matena and Yanqi Zhou and Wei Li and Peter J. Liu},
  title   = {Exploring the Limits of Transfer Learning with a Unified Text-to-Text Transformer},
  journal = {Journal of Machine Learning Research},
  year    = {2020},
  volume  = {21},
  number  = {140},
  pages   = {1-67},
  url     = {http://jmlr.org/papers/v21/20-074.html}
}

@inproceedings{allennlp,
  title={AllenNLP: A Deep Semantic Natural Language Processing Platform},
  author={Matt Gardner and Joel Grus and Mark Neumann and Oyvind Tafjord
    and Pradeep Dasigi and Nelson F. Liu and Matthew Peters and
    Michael Schmitz and Luke S. Zettlemoyer},
  year={2017},
  Eprint = {arXiv:1803.07640},
}

@misc{devlin2019bert,
      title={BERT: Pre-training of Deep Bidirectional Transformers for Language Understanding}, 
      author={Jacob Devlin and Ming-Wei Chang and Kenton Lee and Kristina Toutanova},
      year={2019},
      eprint={1810.04805},
      archivePrefix={arXiv},
      primaryClass={cs.CL}
}

@unpublished{spacy2,
    AUTHOR = {Honnibal, Matthew and Montani, Ines},
    TITLE  = {{spaCy 2}: Natural language understanding with {B}loom embeddings, convolutional neural networks and incremental parsing},
    YEAR   = {2017},
    Note   = {To appear}
}